@misc{techtarget_bpms,
  author = {Cameron Hashemi-Pour and George Lawton and Linda Tucci},
  title = {What is business process management software (BPMS)?},
  year = {2023},
  howpublished = {\url{https://www.techtarget.com/searchcio/definition/Business-process-management-suite-BPMS}},
  note = {Dostęp: 2024-05-19}
}

@online{uml_spec,
    title = {Unified Modeling Language (UML)},
    year = {2017},
    url = {https://www.omg.org/spec/UML/2.5.1/About-UML},
    note = {Dostęp: 2024-05-19},
    organization = {Object Management Group (OMG)}
}


@book{omg_bpmn,
  title = {Business Process Model and Notation (BPMN) Version 2.0},
  author = {{Object Management Group}},
  year = {2011},
  publisher = {Object Management Group (OMG)},
  url = {https://www.omg.org/spec/BPMN/2.0/PDF}
}

@misc{finance_bpmn,
  title={Towards Improved Decision-Making through the Integration of Financial Information in BPMN Models},
  author={Engelen, KMA Koen and Bakkers, F and Energieverlening, Ploos},
  year={2015},
  publisher={Eindhoven University of Technology}
}

@article{production_bpmn,
  title={Business process modeling in production logistics: Complementary use of BPMN and UML},
  author={Khabbazi, Mahmood Reza and Hasan, Mohammad Khatim and Sulaiman, Riza and Shapi'i, Azrulhizam},
  journal={Middle East Journal of Scientific Research},
  volume={15},
  number={4},
  pages={516--529},
  year={2013},
  publisher={International Digital Organization for Scientific Information}
}

@book{dumas_bpmn,
  author = {Marlon Dumas, Marcello La Rosa, Jan Mendling and Hajo A. Reijers},
  title = {Fundamentals of Business Process Management},
  year = {2013},
  publisher = {Springer},
  address = {Berlin, Germany}
}

@book{white_bpmn,
  author = {Stephen A. White and Derek Miers},
  title = {BPMN Modeling and Reference Guide: Understanding and Using BPMN},
  year = {2008},
  publisher = {Future Strategies Inc.},
  address = {Tampa, FL}
}

@article{kumar2016impacts,
  title={The impacts of test automation on software's cost, quality and time to market},
  author={Kumar, Divya and Mishra, Krishn Kumar},
  journal={Procedia Computer Science},
  volume={79},
  pages={8--15},
  year={2016},
  publisher={Elsevier}
}

@misc{camunda_platform,
    title = {Camunda Platform},
    howpublished = {\url{https://camunda.com/platform/}},
    note = {Dostęp: 2024-05-19}
}

@misc{camunda,
    title = {Camunda},
    howpublished = {\url{https://camunda.com/}},
    note = {Dostęp: 2024-05-19}
}

@misc{ibm_baw,
    title = {IBM Business Automation Workflow},
    howpublished = {\url{https://www.ibm.com/products/business-automation-workflow}},
    note = {Dostęp: 2024-05-19}
}

@misc{appian,
    title = {Appian},
    howpublished = {\url{https://www.appian.com/}},
    note = {Dostęp: 2024-05-19}
}

@misc{pega,
    title = {Pega},
    howpublished = {\url{https://www.pega.com/}},
    note = {Dostęp: 2024-05-19}
}

@misc{oracle_bpm,
    title = {Oracle BPM Suite},
    howpublished = {\url{https://www.oracle.com/middleware/technologies/bpm.html}},
    note = {Dostęp: 2024-05-19}
}

@misc{bizagi,
    title = {Bizagi},
    howpublished = {\url{https://www.bizagi.com/}},
    note = {Dostęp: 2024-05-19}
}

@misc{bonitasoft,
    title = {Bonita},
    howpublished = {\url{https://www.bonitasoft.com/}},
    note = {Dostęp: 2024-05-19}
}

@misc{k2,
    title = {K2},
    howpublished = {\url{https://www.k2.com/}},
    note = {Dostęp: 2024-05-19}
}

@misc{microsoft_power_automate,
    title = {Microsoft Power Automate},
    howpublished = {\url{https://flow.microsoft.com/}},
    note = {Dostęp: 2024-05-19}
}

@misc{signavio,
    title = {Signavio},
    howpublished = {\url{https://www.signavio.com/}},
    note = {Dostęp: 2024-05-19}
}

@inproceedings{jamil2016software,
  title={Software testing techniques: A literature review},
  author={Jamil, Muhammad Abid and Arif, Muhammad and Abubakar, Normi Sham Awang and Ahmad, Akhlaq},
  booktitle={2016 6th international conference on information and communication technology for the Muslim world (ICT4M)},
  pages={177--182},
  year={2016},
  organization={IEEE}
}

% Artykuł w recenzowanym czasopiśmie.
@article{szczypiorski2015,
    author    = "Szczypiorski, K. and Janicki, A. and Wendzel, S",
    title     = "{T}he {G}ood, {T}he {B}ad {A}nd {T}he {U}gly: {E}valuation of {W}i-{F}i {S}teganography",
    journal   = "Journal of Communications",
    volume    = "10",
    number    = "10",
    pages     = "747--752",
    publisher = "Journal of Communications (JCM)",
    year      = "2015",
}

% Książka.
@book{Process-Driven-Applications-with-BPMN,
    author    = "Volker Stiehl",
    title     = "Process-Driven Applications with BPMN",
    publisher = "Springer",
    address   = "Reading, Massachusetts",
    year      = "2014",
    doi       = "https://doi.org/10.1007/978-3-319-07218-0"
}

% Fragment książki (np. zakres stron).
@inbook{wang97,
    author      = "Hao Wang",
    title       = "A Logical Journey: From G{\"o}del to Philosophy.",
    publisher   = "A Bradford Book",
    pages       = "316",
    year        = "1997"
}

% Fragment książki (np. esej), posiadający własny tytuł.
@incollection{goedel95,
    author      = "Kurt G{\"o}del",
    title       = "Texts relating to the ontological proof",
    booktitle   = "Unpublished Essays and Lectures",
    publisher   = "Oxford University Press",
    pages       = "429--437",
    year        = "1995",
}

% Publikacja konferencyjna.
@inproceedings{benzmuller2014,
    author       = "{Ch}. Benzmuller and B. W. Paleo",
    title        = "Automating {G\"o}del’s {O}ntological {P}roof of {G}od’s {E}xistence with {H}igher-order {A}utomated {T}heorem {P}rovers",
    booktitle    = "European	Conference on Artificial Intelligence",
    publisher    = "IOS Press",
    howpublished = "Dostęp zdalny (10.04.2019): \url{http://page.mi.fu-berlin.de/cbenzmueller/papers/C40.pdf}",
    year         = "2014",
}

% Raport techniczny.
@techreport{duqu2011,
    author      = "Bencsáth, B. and Pék, G. and Buttyán, L. and Félegyházi M.",
    title       = "{D}uqu: {A} {S}tuxnet-like malware found in the wild",
    institution = "Laboratory of Cryptography and System Security, Hungary",
    year        = "2011"
}

% Specyfikacja techniczna.
@manual{shs2015,
    title        = "{FIPS} 180-4: {S}ecure {H}ash {S}tandard ({SHS})",
    howpublished = "Dostęp zdalny (13.03.2019): \url{https://nvlpubs.nist.gov/nistpubs/FIPS/NIST.FIPS.180-4.pdf}",
    year         = "2015"
}

% Praca magisterska.
@mastersthesis{wozniak2018,
    author = "Woźniak, Piotr",
    title  = "{P}rogramowanie kwadratowe w usuwaniu efektu rozmycia ruchu w fotografii cyfrowej",
    school  = "Wydział Elektroniki i Technik Informacyjnych, Politechnika Warszawska",
    year   = "2018",
}

% Nieopublikowany artykuł, dostępny np. tylko w internecie.
@unpublished{koons2005,
    author = "Koons, Robert C.",
    title  = "{S}obel on {G\"o}del’s {O}ntological {P}roof",
    note   = "Dostęp zdalny (25.04.2019): \url{http://www.robkoons.net/media/69b0dd04a9d2fc6dffff80b4ffffd524.pdf}",
    year   = "2005"
}

% Źródło innego typu, np. repozytorium na GitHubie.
@misc{dcp19,
    author       = "Brodzki, Artur M.",
    title        = "{I}mplementation of own steganography protocol {DCP}-19, loosely based on {HICCUPS}",
    howpublished = "Dostęp zdalny (14.03.2019): \url{https://github.com/ArturB/DCP-19}",
    year         = "2019"
}
